%YAML 1.1
%TAG !u! tag:unity3d.com,2011:
--- !u!1 &6937436735553688664
GameObject:
  m_ObjectHideFlags: 0
  m_CorrespondingSourceObject: {fileID: 0}
  m_PrefabInstance: {fileID: 0}
  m_PrefabAsset: {fileID: 0}
  serializedVersion: 6
  m_Component:
  - component: {fileID: 6937436735553688663}
  - component: {fileID: 6937436735553688662}
  - component: {fileID: 6937436735553688661}
  m_Layer: 0
  m_Name: Fog
  m_TagString: Untagged
  m_Icon: {fileID: 0}
  m_NavMeshLayer: 0
  m_StaticEditorFlags: 0
  m_IsActive: 1
--- !u!4 &6937436735553688663
Transform:
  m_ObjectHideFlags: 0
  m_CorrespondingSourceObject: {fileID: 0}
  m_PrefabInstance: {fileID: 0}
  m_PrefabAsset: {fileID: 0}
  m_GameObject: {fileID: 6937436735553688664}
  m_LocalRotation: {x: 0, y: 0, z: 0, w: 1}
  m_LocalPosition: {x: 0, y: 3.99, z: 0}
  m_LocalScale: {x: 1, y: 1, z: 1}
  m_Children:
  - {fileID: 6937436734082509237}
  m_Father: {fileID: 0}
  m_RootOrder: 0
  m_LocalEulerAnglesHint: {x: 0, y: 0, z: 0}
--- !u!114 &6937436735553688662
MonoBehaviour:
  m_ObjectHideFlags: 0
  m_CorrespondingSourceObject: {fileID: 0}
  m_PrefabInstance: {fileID: 0}
  m_PrefabAsset: {fileID: 0}
  m_GameObject: {fileID: 6937436735553688664}
  m_Enabled: 1
  m_EditorHideFlags: 0
  m_Script: {fileID: 11500000, guid: ffe420040003ae14a81e55b9a66d226c, type: 3}
  m_Name: 
  m_EditorClassIdentifier: 
  resolution: 100
  size: 100
  depth: 3
  affectorMultiplier: 12
  lerpSpeed: 1
  fogRenderer: {fileID: 6937436734080609109}
  debugRenderer: {fileID: 0}
--- !u!65 &6937436735553688661
BoxCollider:
  m_ObjectHideFlags: 0
  m_CorrespondingSourceObject: {fileID: 0}
  m_PrefabInstance: {fileID: 0}
  m_PrefabAsset: {fileID: 0}
  m_GameObject: {fileID: 6937436735553688664}
  m_Material: {fileID: 0}
  m_IsTrigger: 1
  m_Enabled: 1
  serializedVersion: 2
  m_Size: {x: 100, y: 10, z: 100}
  m_Center: {x: 0, y: -5, z: 0}
--- !u!1001 &6937436734082642741
PrefabInstance:
  m_ObjectHideFlags: 0
  serializedVersion: 2
  m_Modification:
    m_TransformParent: {fileID: 6937436735553688663}
    m_Modifications:
    - target: {fileID: 400000, guid: 68341bd94b2639543944c23b51c1b500, type: 3}
      propertyPath: m_RootOrder
      value: 0
      objectReference: {fileID: 0}
    - target: {fileID: 400000, guid: 68341bd94b2639543944c23b51c1b500, type: 3}
      propertyPath: m_LocalPosition.x
      value: -0
      objectReference: {fileID: 0}
    - target: {fileID: 400000, guid: 68341bd94b2639543944c23b51c1b500, type: 3}
      propertyPath: m_LocalPosition.y
      value: 0
      objectReference: {fileID: 0}
    - target: {fileID: 400000, guid: 68341bd94b2639543944c23b51c1b500, type: 3}
      propertyPath: m_LocalPosition.z
      value: 0
      objectReference: {fileID: 0}
    - target: {fileID: 400000, guid: 68341bd94b2639543944c23b51c1b500, type: 3}
      propertyPath: m_LocalRotation.w
      value: 1
      objectReference: {fileID: 0}
    - target: {fileID: 400000, guid: 68341bd94b2639543944c23b51c1b500, type: 3}
      propertyPath: m_LocalRotation.x
      value: 0
      objectReference: {fileID: 0}
    - target: {fileID: 400000, guid: 68341bd94b2639543944c23b51c1b500, type: 3}
      propertyPath: m_LocalRotation.y
      value: 0
      objectReference: {fileID: 0}
    - target: {fileID: 400000, guid: 68341bd94b2639543944c23b51c1b500, type: 3}
      propertyPath: m_LocalRotation.z
      value: 0
      objectReference: {fileID: 0}
    - target: {fileID: 400000, guid: 68341bd94b2639543944c23b51c1b500, type: 3}
      propertyPath: m_LocalEulerAnglesHint.y
      value: 0
      objectReference: {fileID: 0}
    - target: {fileID: 2300000, guid: 68341bd94b2639543944c23b51c1b500, type: 3}
      propertyPath: m_Materials.Array.data[0]
      value: 
      objectReference: {fileID: 2100000, guid: a1aafe5a9c8e6d44fae826ae00c908f9, type: 2}
    m_RemovedComponents: []
  m_SourcePrefab: {fileID: 100100000, guid: 68341bd94b2639543944c23b51c1b500, type: 3}
--- !u!4 &6937436734082509237 stripped
Transform:
  m_CorrespondingSourceObject: {fileID: 400000, guid: 68341bd94b2639543944c23b51c1b500, type: 3}
  m_PrefabInstance: {fileID: 6937436734082642741}
  m_PrefabAsset: {fileID: 0}
--- !u!23 &6937436734080609109 stripped
MeshRenderer:
  m_CorrespondingSourceObject: {fileID: 2300000, guid: 68341bd94b2639543944c23b51c1b500, type: 3}
  m_PrefabInstance: {fileID: 6937436734082642741}
  m_PrefabAsset: {fileID: 0}
