%YAML 1.1
%TAG !u! tag:unity3d.com,2011:
--- !u!1 &5080254286741911079
GameObject:
  m_ObjectHideFlags: 0
  m_CorrespondingSourceObject: {fileID: 0}
  m_PrefabInstance: {fileID: 0}
  m_PrefabAsset: {fileID: 0}
  serializedVersion: 6
  m_Component:
  - component: {fileID: 5080254286741911072}
  - component: {fileID: 5080254286741911075}
  - component: {fileID: 5080254286741911074}
  - component: {fileID: 5080254286741911077}
  - component: {fileID: 5080254286741911076}
  m_Layer: 11
  m_Name: InteractableBug
  m_TagString: Untagged
  m_Icon: {fileID: 0}
  m_NavMeshLayer: 0
  m_StaticEditorFlags: 4294967295
  m_IsActive: 1
--- !u!4 &5080254286741911072
Transform:
  m_ObjectHideFlags: 0
  m_CorrespondingSourceObject: {fileID: 0}
  m_PrefabInstance: {fileID: 0}
  m_PrefabAsset: {fileID: 0}
  m_GameObject: {fileID: 5080254286741911079}
  m_LocalRotation: {x: 0, y: 0, z: 0, w: 1}
  m_LocalPosition: {x: 0, y: 0, z: 6.8}
  m_LocalScale: {x: 1, y: 1, z: 1}
  m_Children:
  - {fileID: 1067331701950204603}
  m_Father: {fileID: 0}
  m_RootOrder: 0
  m_LocalEulerAnglesHint: {x: 0, y: 0, z: 0}
--- !u!114 &5080254286741911075
MonoBehaviour:
  m_ObjectHideFlags: 0
  m_CorrespondingSourceObject: {fileID: 0}
  m_PrefabInstance: {fileID: 0}
  m_PrefabAsset: {fileID: 0}
  m_GameObject: {fileID: 5080254286741911079}
  m_Enabled: 1
  m_EditorHideFlags: 0
  m_Script: {fileID: 11500000, guid: 92f25d3880da4af4ab836003d7f8c6f5, type: 3}
  m_Name: 
  m_EditorClassIdentifier: 
  bug: {fileID: 1067331701950204601}
--- !u!33 &5080254286741911074
MeshFilter:
  m_ObjectHideFlags: 0
  m_CorrespondingSourceObject: {fileID: 0}
  m_PrefabInstance: {fileID: 0}
  m_PrefabAsset: {fileID: 0}
  m_GameObject: {fileID: 5080254286741911079}
  m_Mesh: {fileID: 10207, guid: 0000000000000000e000000000000000, type: 0}
--- !u!23 &5080254286741911077
MeshRenderer:
  m_ObjectHideFlags: 0
  m_CorrespondingSourceObject: {fileID: 0}
  m_PrefabInstance: {fileID: 0}
  m_PrefabAsset: {fileID: 0}
  m_GameObject: {fileID: 5080254286741911079}
  m_Enabled: 1
  m_CastShadows: 1
  m_ReceiveShadows: 1
  m_DynamicOccludee: 1
  m_MotionVectors: 1
  m_LightProbeUsage: 1
  m_ReflectionProbeUsage: 1
  m_RayTracingMode: 2
  m_RayTraceProcedural: 0
  m_RenderingLayerMask: 1
  m_RendererPriority: 0
  m_Materials:
  - {fileID: 2100000, guid: 338807da7f8d99f4ea1fb06cd6a7927b, type: 2}
  m_StaticBatchInfo:
    firstSubMesh: 0
    subMeshCount: 0
  m_StaticBatchRoot: {fileID: 0}
  m_ProbeAnchor: {fileID: 0}
  m_LightProbeVolumeOverride: {fileID: 0}
  m_ScaleInLightmap: 1
  m_ReceiveGI: 1
  m_PreserveUVs: 0
  m_IgnoreNormalsForChartDetection: 0
  m_ImportantGI: 0
  m_StitchLightmapSeams: 1
  m_SelectedEditorRenderState: 3
  m_MinimumChartSize: 4
  m_AutoUVMaxDistance: 0.5
  m_AutoUVMaxAngle: 89
  m_LightmapParameters: {fileID: 0}
  m_SortingLayerID: 0
  m_SortingLayer: 0
  m_SortingOrder: 0
  m_AdditionalVertexStreams: {fileID: 0}
--- !u!135 &5080254286741911076
SphereCollider:
  m_ObjectHideFlags: 0
  m_CorrespondingSourceObject: {fileID: 0}
  m_PrefabInstance: {fileID: 0}
  m_PrefabAsset: {fileID: 0}
  m_GameObject: {fileID: 5080254286741911079}
  m_Material: {fileID: 0}
  m_IsTrigger: 1
  m_Enabled: 1
  serializedVersion: 2
  m_Radius: 0.5
  m_Center: {x: 0, y: 0, z: 0}
--- !u!1001 &5080254288406943556
PrefabInstance:
  m_ObjectHideFlags: 0
  serializedVersion: 2
  m_Modification:
    m_TransformParent: {fileID: 5080254286741911072}
    m_Modifications:
    - target: {fileID: 5210485396284598795, guid: a859b1fd480075b4787ab8b4877c219d, type: 3}
      propertyPath: m_Layer
      value: 11
      objectReference: {fileID: 0}
    - target: {fileID: 5210485396284598804, guid: a859b1fd480075b4787ab8b4877c219d, type: 3}
      propertyPath: bugData
      value: 
      objectReference: {fileID: 11400000, guid: d29a83ff554cdd048b0c14e805973a31, type: 2}
    - target: {fileID: 5210485396284598806, guid: a859b1fd480075b4787ab8b4877c219d, type: 3}
      propertyPath: m_Materials.Array.data[0]
      value: 
      objectReference: {fileID: 2100000, guid: 5b2505c477ca6b9468b4329b26fadf2a, type: 2}
    - target: {fileID: 5210485396570926647, guid: a859b1fd480075b4787ab8b4877c219d, type: 3}
      propertyPath: m_Layer
      value: 11
      objectReference: {fileID: 0}
    - target: {fileID: 5210485397199768074, guid: a859b1fd480075b4787ab8b4877c219d, type: 3}
      propertyPath: m_Layer
      value: 11
      objectReference: {fileID: 0}
    - target: {fileID: 5210485397299650045, guid: a859b1fd480075b4787ab8b4877c219d, type: 3}
      propertyPath: m_Name
      value: PatrolBug (1)
      objectReference: {fileID: 0}
    - target: {fileID: 5210485397299650045, guid: a859b1fd480075b4787ab8b4877c219d, type: 3}
      propertyPath: m_Layer
      value: 11
      objectReference: {fileID: 0}
    - target: {fileID: 5210485397299650046, guid: a859b1fd480075b4787ab8b4877c219d, type: 3}
      propertyPath: moveOnStart
      value: 1
      objectReference: {fileID: 0}
    - target: {fileID: 5210485397299650047, guid: a859b1fd480075b4787ab8b4877c219d, type: 3}
      propertyPath: m_RootOrder
      value: 0
      objectReference: {fileID: 0}
    - target: {fileID: 5210485397299650047, guid: a859b1fd480075b4787ab8b4877c219d, type: 3}
      propertyPath: m_LocalPosition.x
      value: 0
      objectReference: {fileID: 0}
    - target: {fileID: 5210485397299650047, guid: a859b1fd480075b4787ab8b4877c219d, type: 3}
      propertyPath: m_LocalPosition.y
      value: 0
      objectReference: {fileID: 0}
    - target: {fileID: 5210485397299650047, guid: a859b1fd480075b4787ab8b4877c219d, type: 3}
      propertyPath: m_LocalPosition.z
      value: 0
      objectReference: {fileID: 0}
    - target: {fileID: 5210485397299650047, guid: a859b1fd480075b4787ab8b4877c219d, type: 3}
      propertyPath: m_LocalRotation.w
      value: 1
      objectReference: {fileID: 0}
    - target: {fileID: 5210485397299650047, guid: a859b1fd480075b4787ab8b4877c219d, type: 3}
      propertyPath: m_LocalRotation.x
      value: -0
      objectReference: {fileID: 0}
    - target: {fileID: 5210485397299650047, guid: a859b1fd480075b4787ab8b4877c219d, type: 3}
      propertyPath: m_LocalRotation.y
      value: -0
      objectReference: {fileID: 0}
    - target: {fileID: 5210485397299650047, guid: a859b1fd480075b4787ab8b4877c219d, type: 3}
      propertyPath: m_LocalRotation.z
      value: -0
      objectReference: {fileID: 0}
    - target: {fileID: 5210485397299650047, guid: a859b1fd480075b4787ab8b4877c219d, type: 3}
      propertyPath: m_LocalEulerAnglesHint.x
      value: 0
      objectReference: {fileID: 0}
    - target: {fileID: 5210485397299650047, guid: a859b1fd480075b4787ab8b4877c219d, type: 3}
      propertyPath: m_LocalEulerAnglesHint.y
      value: 0
      objectReference: {fileID: 0}
    - target: {fileID: 5210485397299650047, guid: a859b1fd480075b4787ab8b4877c219d, type: 3}
      propertyPath: m_LocalEulerAnglesHint.z
      value: 0
      objectReference: {fileID: 0}
    - target: {fileID: 5210485397492244130, guid: a859b1fd480075b4787ab8b4877c219d, type: 3}
      propertyPath: m_Layer
      value: 11
      objectReference: {fileID: 0}
    - target: {fileID: 5210485397555367483, guid: a859b1fd480075b4787ab8b4877c219d, type: 3}
      propertyPath: m_Layer
      value: 11
      objectReference: {fileID: 0}
    - target: {fileID: 5210485398128688271, guid: a859b1fd480075b4787ab8b4877c219d, type: 3}
      propertyPath: m_Layer
      value: 11
      objectReference: {fileID: 0}
    m_RemovedComponents: []
  m_SourcePrefab: {fileID: 100100000, guid: a859b1fd480075b4787ab8b4877c219d, type: 3}
--- !u!1 &1067331701950204601 stripped
GameObject:
  m_CorrespondingSourceObject: {fileID: 5210485397299650045, guid: a859b1fd480075b4787ab8b4877c219d, type: 3}
  m_PrefabInstance: {fileID: 5080254288406943556}
  m_PrefabAsset: {fileID: 0}
--- !u!4 &1067331701950204603 stripped
Transform:
  m_CorrespondingSourceObject: {fileID: 5210485397299650047, guid: a859b1fd480075b4787ab8b4877c219d, type: 3}
  m_PrefabInstance: {fileID: 5080254288406943556}
  m_PrefabAsset: {fileID: 0}
